@INPROCEEDINGS{Agirre13sem2013,
    author = {Eneko Agirre and Daniel Cer and Mona Diab and Aitor Gonzalez-agirre and Weiwei Guo},
    title = {sem 2013 shared task: Semantic textual similarity, including a pilot on typed-similarity},
    booktitle = {In *SEM 2013: The Second Joint Conference on Lexical and Computational Semantics. Association for Computational Linguistics},
    year = {2013}
}

@inproceedings{agirre2012semeval,
  title={Semeval-2012 task 6: A pilot on semantic textual similarity},
  author={Agirre, Eneko and Diab, Mona and Cer, Daniel and Gonzalez-Agirre, Aitor},
  booktitle={Proceedings of the First Joint Conference on Lexical and Computational Semantics-Volume 1: Proceedings of the main conference and the shared task, and Volume 2: Proceedings of the Sixth International Workshop on Semantic Evaluation},
  pages={385--393},
  year={2012},
  organization={Association for Computational Linguistics}
}